%YAML 1.1
%TAG !u! tag:unity3d.com,2011:
--- !u!1 &346573779569537815
GameObject:
  m_ObjectHideFlags: 0
  m_CorrespondingSourceObject: {fileID: 0}
  m_PrefabInstance: {fileID: 0}
  m_PrefabAsset: {fileID: 0}
  serializedVersion: 6
  m_Component:
  - component: {fileID: 8653501844125996023}
  m_Layer: 0
  m_Name: LeftUpLeg
  m_TagString: Untagged
  m_Icon: {fileID: 0}
  m_NavMeshLayer: 0
  m_StaticEditorFlags: 0
  m_IsActive: 1
--- !u!4 &8653501844125996023
Transform:
  m_ObjectHideFlags: 0
  m_CorrespondingSourceObject: {fileID: 0}
  m_PrefabInstance: {fileID: 0}
  m_PrefabAsset: {fileID: 0}
  m_GameObject: {fileID: 346573779569537815}
  serializedVersion: 2
  m_LocalRotation: {x: 0.0010212928, y: -0.05524373, z: 0.998301, w: 0.018498093}
  m_LocalPosition: {x: -0.09729569, y: -0.070430875, z: 0.005754385}
  m_LocalScale: {x: 0.99999976, y: 0.9999999, z: 0.99999756}
  m_ConstrainProportionsScale: 0
  m_Children:
  - {fileID: 7338034155379215533}
  m_Father: {fileID: 1249122730310391947}
  m_LocalEulerAnglesHint: {x: 0, y: 0, z: 0}
--- !u!1 &594558997313755548
GameObject:
  m_ObjectHideFlags: 0
  m_CorrespondingSourceObject: {fileID: 0}
  m_PrefabInstance: {fileID: 0}
  m_PrefabAsset: {fileID: 0}
  serializedVersion: 6
  m_Component:
  - component: {fileID: 9206517423993776800}
  m_Layer: 0
  m_Name: LeftHandThumb3
  m_TagString: Untagged
  m_Icon: {fileID: 0}
  m_NavMeshLayer: 0
  m_StaticEditorFlags: 0
  m_IsActive: 1
--- !u!4 &9206517423993776800
Transform:
  m_ObjectHideFlags: 0
  m_CorrespondingSourceObject: {fileID: 0}
  m_PrefabInstance: {fileID: 0}
  m_PrefabAsset: {fileID: 0}
  m_GameObject: {fileID: 594558997313755548}
  serializedVersion: 2
  m_LocalRotation: {x: 0.015128333, y: -0.00000023099444, z: -0.00000017138296, w: 0.99988556}
  m_LocalPosition: {x: 0.004261043, y: 0.032776196, z: -0.00000014528632}
  m_LocalScale: {x: 1, y: 0.99999994, z: 0.9999999}
  m_ConstrainProportionsScale: 0
  m_Children:
  - {fileID: 3831839671806698508}
  m_Father: {fileID: 416005290374127454}
  m_LocalEulerAnglesHint: {x: 0, y: 0, z: 0}
--- !u!1 &621667874661226125
GameObject:
  m_ObjectHideFlags: 0
  m_CorrespondingSourceObject: {fileID: 0}
  m_PrefabInstance: {fileID: 0}
  m_PrefabAsset: {fileID: 0}
  serializedVersion: 6
  m_Component:
  - component: {fileID: 8263716042740183204}
  m_Layer: 0
  m_Name: RightForeArm
  m_TagString: Untagged
  m_Icon: {fileID: 0}
  m_NavMeshLayer: 0
  m_StaticEditorFlags: 0
  m_IsActive: 1
--- !u!4 &8263716042740183204
Transform:
  m_ObjectHideFlags: 0
  m_CorrespondingSourceObject: {fileID: 0}
  m_PrefabInstance: {fileID: 0}
  m_PrefabAsset: {fileID: 0}
  m_GameObject: {fileID: 621667874661226125}
  serializedVersion: 2
  m_LocalRotation: {x: -0.08638416, y: 0.00039510467, z: -0.004556766, w: 0.9962514}
  m_LocalPosition: {x: -2.3283064e-10, y: 0.27143964, z: 0.000000027976057}
  m_LocalScale: {x: 1, y: 0.99999994, z: 1}
  m_ConstrainProportionsScale: 0
  m_Children:
  - {fileID: 3452792209540106477}
  m_Father: {fileID: 7098723778428112806}
  m_LocalEulerAnglesHint: {x: 0, y: 0, z: 0}
--- !u!1 &653911574527305757
GameObject:
  m_ObjectHideFlags: 0
  m_CorrespondingSourceObject: {fileID: 0}
  m_PrefabInstance: {fileID: 0}
  m_PrefabAsset: {fileID: 0}
  serializedVersion: 6
  m_Component:
  - component: {fileID: 5532040996597028213}
  m_Layer: 0
  m_Name: RightHandIndex4_end
  m_TagString: Untagged
  m_Icon: {fileID: 0}
  m_NavMeshLayer: 0
  m_StaticEditorFlags: 0
  m_IsActive: 1
--- !u!4 &5532040996597028213
Transform:
  m_ObjectHideFlags: 0
  m_CorrespondingSourceObject: {fileID: 0}
  m_PrefabInstance: {fileID: 0}
  m_PrefabAsset: {fileID: 0}
  m_GameObject: {fileID: 653911574527305757}
  serializedVersion: 2
  m_LocalRotation: {x: 0, y: -0, z: -0, w: 1}
  m_LocalPosition: {x: -0, y: 0.010003414, z: 0}
  m_LocalScale: {x: 1, y: 1, z: 1}
  m_ConstrainProportionsScale: 0
  m_Children: []
  m_Father: {fileID: 5161215895214430244}
  m_LocalEulerAnglesHint: {x: 0, y: 0, z: 0}
--- !u!1 &798315591920125569
GameObject:
  m_ObjectHideFlags: 0
  m_CorrespondingSourceObject: {fileID: 0}
  m_PrefabInstance: {fileID: 0}
  m_PrefabAsset: {fileID: 0}
  serializedVersion: 6
  m_Component:
  - component: {fileID: 7098723778428112806}
  m_Layer: 0
  m_Name: RightArm
  m_TagString: Untagged
  m_Icon: {fileID: 0}
  m_NavMeshLayer: 0
  m_StaticEditorFlags: 0
  m_IsActive: 1
--- !u!4 &7098723778428112806
Transform:
  m_ObjectHideFlags: 0
  m_CorrespondingSourceObject: {fileID: 0}
  m_PrefabInstance: {fileID: 0}
  m_PrefabAsset: {fileID: 0}
  m_GameObject: {fileID: 798315591920125569}
  serializedVersion: 2
  m_LocalRotation: {x: -0.079281956, y: -0.0016198979, z: 0.020364027, w: 0.99664295}
  m_LocalPosition: {x: 0.0000000016298145, y: 0.16030265, z: -0.000000051251845}
  m_LocalScale: {x: 1.0000001, y: 1.0000001, z: 1}
  m_ConstrainProportionsScale: 0
  m_Children:
  - {fileID: 8263716042740183204}
  m_Father: {fileID: 4082066643193662944}
  m_LocalEulerAnglesHint: {x: 0, y: 0, z: 0}
--- !u!1 &986821658133707138
GameObject:
  m_ObjectHideFlags: 0
  m_CorrespondingSourceObject: {fileID: 0}
  m_PrefabInstance: {fileID: 0}
  m_PrefabAsset: {fileID: 0}
  serializedVersion: 6
  m_Component:
  - component: {fileID: 2984651709688296344}
  m_Layer: 0
  m_Name: RightHandMiddle4
  m_TagString: Untagged
  m_Icon: {fileID: 0}
  m_NavMeshLayer: 0
  m_StaticEditorFlags: 0
  m_IsActive: 1
--- !u!4 &2984651709688296344
Transform:
  m_ObjectHideFlags: 0
  m_CorrespondingSourceObject: {fileID: 0}
  m_PrefabInstance: {fileID: 0}
  m_PrefabAsset: {fileID: 0}
  m_GameObject: {fileID: 986821658133707138}
  serializedVersion: 2
  m_LocalRotation: {x: -0.0007974302, y: 0.021518597, z: -0.0039954945, w: 0.99976015}
  m_LocalPosition: {x: -0.0012051417, y: 0.03650458, z: -0.00000020943116}
  m_LocalScale: {x: 0.99999994, y: 1, z: 0.99999994}
  m_ConstrainProportionsScale: 0
  m_Children:
  - {fileID: 8054280479401763578}
  m_Father: {fileID: 1798705561036269150}
  m_LocalEulerAnglesHint: {x: 0, y: 0, z: 0}
--- !u!1 &990512032932000783
GameObject:
  m_ObjectHideFlags: 0
  m_CorrespondingSourceObject: {fileID: 0}
  m_PrefabInstance: {fileID: 0}
  m_PrefabAsset: {fileID: 0}
  serializedVersion: 6
  m_Component:
  - component: {fileID: 908854508546699857}
  m_Layer: 0
  m_Name: RightHandIndex2
  m_TagString: Untagged
  m_Icon: {fileID: 0}
  m_NavMeshLayer: 0
  m_StaticEditorFlags: 0
  m_IsActive: 1
--- !u!4 &908854508546699857
Transform:
  m_ObjectHideFlags: 0
  m_CorrespondingSourceObject: {fileID: 0}
  m_PrefabInstance: {fileID: 0}
  m_PrefabAsset: {fileID: 0}
  m_GameObject: {fileID: 990512032932000783}
  serializedVersion: 2
  m_LocalRotation: {x: 0.10036522, y: 0.000000049142574, z: 0.00000011162385, w: 0.99495065}
  m_LocalPosition: {x: 0.00022416515, y: 0.018431908, z: -0.00000002849265}
  m_LocalScale: {x: 0.99999994, y: 1, z: 0.99999994}
  m_ConstrainProportionsScale: 0
  m_Children:
  - {fileID: 8775606945345470572}
  m_Father: {fileID: 5206705240289674598}
  m_LocalEulerAnglesHint: {x: 0, y: 0, z: 0}
--- !u!1 &1710985723501135126
GameObject:
  m_ObjectHideFlags: 0
  m_CorrespondingSourceObject: {fileID: 0}
  m_PrefabInstance: {fileID: 0}
  m_PrefabAsset: {fileID: 0}
  serializedVersion: 6
  m_Component:
  - component: {fileID: 5206705240289674598}
  m_Layer: 0
  m_Name: RightHandIndex1
  m_TagString: Untagged
  m_Icon: {fileID: 0}
  m_NavMeshLayer: 0
  m_StaticEditorFlags: 0
  m_IsActive: 1
--- !u!4 &5206705240289674598
Transform:
  m_ObjectHideFlags: 0
  m_CorrespondingSourceObject: {fileID: 0}
  m_PrefabInstance: {fileID: 0}
  m_PrefabAsset: {fileID: 0}
  m_GameObject: {fileID: 1710985723501135126}
  serializedVersion: 2
  m_LocalRotation: {x: 0.10955644, y: -0.022259332, z: -0.19786495, w: 0.9738334}
  m_LocalPosition: {x: -0.0016594736, y: 0.12976517, z: 0.0000004148933}
  m_LocalScale: {x: 1, y: 1, z: 1}
  m_ConstrainProportionsScale: 0
  m_Children:
  - {fileID: 908854508546699857}
  m_Father: {fileID: 3452792209540106477}
  m_LocalEulerAnglesHint: {x: 0, y: 0, z: 0}
--- !u!1 &2340158177280572070
GameObject:
  m_ObjectHideFlags: 0
  m_CorrespondingSourceObject: {fileID: 0}
  m_PrefabInstance: {fileID: 0}
  m_PrefabAsset: {fileID: 0}
  serializedVersion: 6
  m_Component:
  - component: {fileID: 3452792209540106477}
  m_Layer: 0
  m_Name: RightHand
  m_TagString: Untagged
  m_Icon: {fileID: 0}
  m_NavMeshLayer: 0
  m_StaticEditorFlags: 0
  m_IsActive: 1
--- !u!4 &3452792209540106477
Transform:
  m_ObjectHideFlags: 0
  m_CorrespondingSourceObject: {fileID: 0}
  m_PrefabInstance: {fileID: 0}
  m_PrefabAsset: {fileID: 0}
  m_GameObject: {fileID: 2340158177280572070}
  serializedVersion: 2
  m_LocalRotation: {x: -0.01222483, y: 0.0071548033, z: 0.08640478, w: 0.99615943}
  m_LocalPosition: {x: 9.895302e-10, y: 0.25535926, z: -0.0000001926528}
  m_LocalScale: {x: 0.9999998, y: 1, z: 0.99999994}
  m_ConstrainProportionsScale: 0
  m_Children:
  - {fileID: 5206705240289674598}
  - {fileID: 1918858402240204686}
  - {fileID: 17695324403059247}
  m_Father: {fileID: 8263716042740183204}
  m_LocalEulerAnglesHint: {x: 0, y: 0, z: 0}
--- !u!1 &2532643869003321742
GameObject:
  m_ObjectHideFlags: 0
  m_CorrespondingSourceObject: {fileID: 0}
  m_PrefabInstance: {fileID: 0}
  m_PrefabAsset: {fileID: 0}
  serializedVersion: 6
  m_Component:
  - component: {fileID: 5271439902331759738}
  m_Layer: 0
  m_Name: RightUpLeg
  m_TagString: Untagged
  m_Icon: {fileID: 0}
  m_NavMeshLayer: 0
  m_StaticEditorFlags: 0
  m_IsActive: 1
--- !u!4 &5271439902331759738
Transform:
  m_ObjectHideFlags: 0
  m_CorrespondingSourceObject: {fileID: 0}
  m_PrefabInstance: {fileID: 0}
  m_PrefabAsset: {fileID: 0}
  m_GameObject: {fileID: 2532643869003321742}
  serializedVersion: 2
  m_LocalRotation: {x: -0.00085478614, y: -0.04758995, z: 0.9986946, w: -0.018536108}
  m_LocalPosition: {x: 0.09729569, y: -0.070430875, z: 0.0015846491}
  m_LocalScale: {x: 0.99999636, y: 0.9999996, z: 0.9999762}
  m_ConstrainProportionsScale: 0
  m_Children:
  - {fileID: 4199884694700480914}
  m_Father: {fileID: 1249122730310391947}
  m_LocalEulerAnglesHint: {x: 0, y: 0, z: 0}
--- !u!1 &2535609014755467676
GameObject:
  m_ObjectHideFlags: 0
  m_CorrespondingSourceObject: {fileID: 0}
  m_PrefabInstance: {fileID: 0}
  m_PrefabAsset: {fileID: 0}
  serializedVersion: 6
  m_Component:
  - component: {fileID: 1328941403550986547}
  m_Layer: 0
  m_Name: LeftHand
  m_TagString: Untagged
  m_Icon: {fileID: 0}
  m_NavMeshLayer: 0
  m_StaticEditorFlags: 0
  m_IsActive: 1
--- !u!4 &1328941403550986547
Transform:
  m_ObjectHideFlags: 0
  m_CorrespondingSourceObject: {fileID: 0}
  m_PrefabInstance: {fileID: 0}
  m_PrefabAsset: {fileID: 0}
  m_GameObject: {fileID: 2535609014755467676}
  serializedVersion: 2
  m_LocalRotation: {x: -0.024808884, y: -0.15650809, z: -0.040846538, w: 0.9865198}
  m_LocalPosition: {x: 0.0000000015133992, y: 0.2554039, z: 0.00000019109575}
  m_LocalScale: {x: 1, y: 1, z: 0.9999998}
  m_ConstrainProportionsScale: 0
  m_Children:
  - {fileID: 6411620811929308153}
  - {fileID: 1934147765556095015}
  - {fileID: 5989763789284446131}
  m_Father: {fileID: 4065267251281901365}
  m_LocalEulerAnglesHint: {x: 0, y: 0, z: 0}
--- !u!1 &2555074659409398234
GameObject:
  m_ObjectHideFlags: 0
  m_CorrespondingSourceObject: {fileID: 0}
  m_PrefabInstance: {fileID: 0}
  m_PrefabAsset: {fileID: 0}
  serializedVersion: 6
  m_Component:
  - component: {fileID: 583226250307269812}
  m_Layer: 0
  m_Name: RightHandThumb2
  m_TagString: Untagged
  m_Icon: {fileID: 0}
  m_NavMeshLayer: 0
  m_StaticEditorFlags: 0
  m_IsActive: 1
--- !u!4 &583226250307269812
Transform:
  m_ObjectHideFlags: 0
  m_CorrespondingSourceObject: {fileID: 0}
  m_PrefabInstance: {fileID: 0}
  m_PrefabAsset: {fileID: 0}
  m_GameObject: {fileID: 2555074659409398234}
  serializedVersion: 2
  m_LocalRotation: {x: 0.082570404, y: 0.000000254655, z: 0.00000007359295, w: 0.99658525}
  m_LocalPosition: {x: -0.0041822055, y: 0.03609498, z: -0.000000012572855}
  m_LocalScale: {x: 1, y: 1, z: 1}
  m_ConstrainProportionsScale: 0
  m_Children:
  - {fileID: 4771970892007856321}
  m_Father: {fileID: 17695324403059247}
  m_LocalEulerAnglesHint: {x: 0, y: 0, z: 0}
--- !u!1 &2740994022945928057
GameObject:
  m_ObjectHideFlags: 0
  m_CorrespondingSourceObject: {fileID: 0}
  m_PrefabInstance: {fileID: 0}
  m_PrefabAsset: {fileID: 0}
  serializedVersion: 6
  m_Component:
  - component: {fileID: 3421020272421065720}
  m_Layer: 0
  m_Name: LeftHandMiddle3
  m_TagString: Untagged
  m_Icon: {fileID: 0}
  m_NavMeshLayer: 0
  m_StaticEditorFlags: 0
  m_IsActive: 1
--- !u!4 &3421020272421065720
Transform:
  m_ObjectHideFlags: 0
  m_CorrespondingSourceObject: {fileID: 0}
  m_PrefabInstance: {fileID: 0}
  m_PrefabAsset: {fileID: 0}
  m_GameObject: {fileID: 2740994022945928057}
  serializedVersion: 2
  m_LocalRotation: {x: -0.08875901, y: -0.0000000671164, z: 0.00000023480514, w: 0.99605316}
  m_LocalPosition: {x: 0.002851434, y: 0.028437922, z: 0.000000023283064}
  m_LocalScale: {x: 1.0000001, y: 1, z: 1}
  m_ConstrainProportionsScale: 0
  m_Children:
  - {fileID: 7822186722083625560}
  m_Father: {fileID: 7946489648381482375}
  m_LocalEulerAnglesHint: {x: 0, y: 0, z: 0}
--- !u!1 &3365494618871462214
GameObject:
  m_ObjectHideFlags: 0
  m_CorrespondingSourceObject: {fileID: 0}
  m_PrefabInstance: {fileID: 0}
  m_PrefabAsset: {fileID: 0}
  serializedVersion: 6
  m_Component:
  - component: {fileID: 7338034155379215533}
  m_Layer: 0
  m_Name: LeftLeg
  m_TagString: Untagged
  m_Icon: {fileID: 0}
  m_NavMeshLayer: 0
  m_StaticEditorFlags: 0
  m_IsActive: 1
--- !u!4 &7338034155379215533
Transform:
  m_ObjectHideFlags: 0
  m_CorrespondingSourceObject: {fileID: 0}
  m_PrefabInstance: {fileID: 0}
  m_PrefabAsset: {fileID: 0}
  m_GameObject: {fileID: 3365494618871462214}
  serializedVersion: 2
  m_LocalRotation: {x: 0.06005921, y: 0.0014163608, z: 0.02466238, w: 0.9978891}
  m_LocalPosition: {x: 0.0000000041909516, y: 0.41969806, z: 0.000000008918054}
  m_LocalScale: {x: 0.99999994, y: 0.9999999, z: 0.9999998}
  m_ConstrainProportionsScale: 0
  m_Children:
  - {fileID: 5174788490290442813}
  m_Father: {fileID: 8653501844125996023}
  m_LocalEulerAnglesHint: {x: 0, y: 0, z: 0}
--- !u!1 &3570657433510798442
GameObject:
  m_ObjectHideFlags: 0
  m_CorrespondingSourceObject: {fileID: 0}
  m_PrefabInstance: {fileID: 0}
  m_PrefabAsset: {fileID: 0}
  serializedVersion: 6
  m_Component:
  - component: {fileID: 17695324403059247}
  m_Layer: 0
  m_Name: RightHandThumb1
  m_TagString: Untagged
  m_Icon: {fileID: 0}
  m_NavMeshLayer: 0
  m_StaticEditorFlags: 0
  m_IsActive: 1
--- !u!4 &17695324403059247
Transform:
  m_ObjectHideFlags: 0
  m_CorrespondingSourceObject: {fileID: 0}
  m_PrefabInstance: {fileID: 0}
  m_PrefabAsset: {fileID: 0}
  m_GameObject: {fileID: 3570657433510798442}
  serializedVersion: 2
  m_LocalRotation: {x: 0.08851739, y: 0.014594035, z: 0.16202386, w: 0.98270035}
  m_LocalPosition: {x: -0.019202165, y: 0.040364582, z: 0.008062899}
  m_LocalScale: {x: 1, y: 1, z: 0.9999999}
  m_ConstrainProportionsScale: 0
  m_Children:
  - {fileID: 583226250307269812}
  m_Father: {fileID: 3452792209540106477}
  m_LocalEulerAnglesHint: {x: 0, y: 0, z: 0}
--- !u!1 &3786494944974114154
GameObject:
  m_ObjectHideFlags: 0
  m_CorrespondingSourceObject: {fileID: 0}
  m_PrefabInstance: {fileID: 0}
  m_PrefabAsset: {fileID: 0}
  serializedVersion: 6
  m_Component:
  - component: {fileID: 3831839671806698508}
  m_Layer: 0
  m_Name: LeftHandThumb4
  m_TagString: Untagged
  m_Icon: {fileID: 0}
  m_NavMeshLayer: 0
  m_StaticEditorFlags: 0
  m_IsActive: 1
--- !u!4 &3831839671806698508
Transform:
  m_ObjectHideFlags: 0
  m_CorrespondingSourceObject: {fileID: 0}
  m_PrefabInstance: {fileID: 0}
  m_PrefabAsset: {fileID: 0}
  m_GameObject: {fileID: 3786494944974114154}
  serializedVersion: 2
  m_LocalRotation: {x: -0.015150457, y: 0.029652344, z: -0.0024442705, w: 0.99944246}
  m_LocalPosition: {x: -0.009562308, y: 0.018827919, z: 0.00000024866313}
  m_LocalScale: {x: 0.9999998, y: 1, z: 1}
  m_ConstrainProportionsScale: 0
  m_Children:
  - {fileID: 4037908774644850199}
  m_Father: {fileID: 9206517423993776800}
  m_LocalEulerAnglesHint: {x: 0, y: 0, z: 0}
--- !u!1 &3825489164604112455
GameObject:
  m_ObjectHideFlags: 0
  m_CorrespondingSourceObject: {fileID: 0}
  m_PrefabInstance: {fileID: 0}
  m_PrefabAsset: {fileID: 0}
  serializedVersion: 6
  m_Component:
  - component: {fileID: 5989763789284446131}
  m_Layer: 0
  m_Name: LeftHandThumb1
  m_TagString: Untagged
  m_Icon: {fileID: 0}
  m_NavMeshLayer: 0
  m_StaticEditorFlags: 0
  m_IsActive: 1
--- !u!4 &5989763789284446131
Transform:
  m_ObjectHideFlags: 0
  m_CorrespondingSourceObject: {fileID: 0}
  m_PrefabInstance: {fileID: 0}
  m_PrefabAsset: {fileID: 0}
  m_GameObject: {fileID: 3825489164604112455}
  serializedVersion: 2
  m_LocalRotation: {x: 0.023837596, y: -0.0045079356, z: -0.18577436, w: 0.98229295}
  m_LocalPosition: {x: 0.02295791, y: 0.040378865, z: 0.0022324047}
  m_LocalScale: {x: 1, y: 1, z: 1}
  m_ConstrainProportionsScale: 0
  m_Children:
  - {fileID: 416005290374127454}
  m_Father: {fileID: 1328941403550986547}
  m_LocalEulerAnglesHint: {x: 0, y: 0, z: 0}
--- !u!1 &3860807021615830355
GameObject:
  m_ObjectHideFlags: 0
  m_CorrespondingSourceObject: {fileID: 0}
  m_PrefabInstance: {fileID: 0}
  m_PrefabAsset: {fileID: 0}
  serializedVersion: 6
  m_Component:
  - component: {fileID: 4037908774644850199}
  m_Layer: 0
  m_Name: LeftHandThumb4_end
  m_TagString: Untagged
  m_Icon: {fileID: 0}
  m_NavMeshLayer: 0
  m_StaticEditorFlags: 0
  m_IsActive: 1
--- !u!4 &4037908774644850199
Transform:
  m_ObjectHideFlags: 0
  m_CorrespondingSourceObject: {fileID: 0}
  m_PrefabInstance: {fileID: 0}
  m_PrefabAsset: {fileID: 0}
  m_GameObject: {fileID: 3860807021615830355}
  serializedVersion: 2
  m_LocalRotation: {x: 0, y: -0, z: -0, w: 1}
  m_LocalPosition: {x: -0, y: 0.02111699, z: 0}
  m_LocalScale: {x: 1, y: 1, z: 1}
  m_ConstrainProportionsScale: 0
  m_Children: []
  m_Father: {fileID: 3831839671806698508}
  m_LocalEulerAnglesHint: {x: 0, y: 0, z: 0}
--- !u!1 &4065856486447027280
GameObject:
  m_ObjectHideFlags: 0
  m_CorrespondingSourceObject: {fileID: 0}
  m_PrefabInstance: {fileID: 0}
  m_PrefabAsset: {fileID: 0}
  serializedVersion: 6
  m_Component:
  - component: {fileID: 7797315280287246363}
  m_Layer: 0
  m_Name: RightHandMiddle2
  m_TagString: Untagged
  m_Icon: {fileID: 0}
  m_NavMeshLayer: 0
  m_StaticEditorFlags: 0
  m_IsActive: 1
--- !u!4 &7797315280287246363
Transform:
  m_ObjectHideFlags: 0
  m_CorrespondingSourceObject: {fileID: 0}
  m_PrefabInstance: {fileID: 0}
  m_PrefabAsset: {fileID: 0}
  m_GameObject: {fileID: 4065856486447027280}
  serializedVersion: 2
  m_LocalRotation: {x: 0.21008655, y: -0.000000020004213, z: 0.000000019289779, w: 0.9776828}
  m_LocalPosition: {x: 0.002466177, y: 0.07016409, z: 0.00000012505916}
  m_LocalScale: {x: 1, y: 1.0000001, z: 1}
  m_ConstrainProportionsScale: 0
  m_Children:
  - {fileID: 1798705561036269150}
  m_Father: {fileID: 1918858402240204686}
  m_LocalEulerAnglesHint: {x: 0, y: 0, z: 0}
--- !u!1 &4209122425146654970
GameObject:
  m_ObjectHideFlags: 0
  m_CorrespondingSourceObject: {fileID: 0}
  m_PrefabInstance: {fileID: 0}
  m_PrefabAsset: {fileID: 0}
  serializedVersion: 6
  m_Component:
  - component: {fileID: 4065267251281901365}
  m_Layer: 0
  m_Name: LeftForeArm
  m_TagString: Untagged
  m_Icon: {fileID: 0}
  m_NavMeshLayer: 0
  m_StaticEditorFlags: 0
  m_IsActive: 1
--- !u!4 &4065267251281901365
Transform:
  m_ObjectHideFlags: 0
  m_CorrespondingSourceObject: {fileID: 0}
  m_PrefabInstance: {fileID: 0}
  m_PrefabAsset: {fileID: 0}
  m_GameObject: {fileID: 4209122425146654970}
  serializedVersion: 2
  m_LocalRotation: {x: -0.08637836, y: -0.00008494414, z: 0.0009805079, w: 0.99626195}
  m_LocalPosition: {x: 0.000000009546056, y: 0.27141517, z: -0.00000017247658}
  m_LocalScale: {x: 0.99999994, y: 0.99999994, z: 0.99999994}
  m_ConstrainProportionsScale: 0
  m_Children:
  - {fileID: 1328941403550986547}
  m_Father: {fileID: 8654055016434603168}
  m_LocalEulerAnglesHint: {x: 0, y: 0, z: 0}
--- !u!1 &4291340579463421484
GameObject:
  m_ObjectHideFlags: 0
  m_CorrespondingSourceObject: {fileID: 0}
  m_PrefabInstance: {fileID: 0}
  m_PrefabAsset: {fileID: 0}
  serializedVersion: 6
  m_Component:
  - component: {fileID: 8385601083385391943}
  m_Layer: 0
  m_Name: RightToe_End
  m_TagString: Untagged
  m_Icon: {fileID: 0}
  m_NavMeshLayer: 0
  m_StaticEditorFlags: 0
  m_IsActive: 1
--- !u!4 &8385601083385391943
Transform:
  m_ObjectHideFlags: 0
  m_CorrespondingSourceObject: {fileID: 0}
  m_PrefabInstance: {fileID: 0}
  m_PrefabAsset: {fileID: 0}
  m_GameObject: {fileID: 4291340579463421484}
  serializedVersion: 2
  m_LocalRotation: {x: -0.000000054482367, y: -0.000000008665666, z: -0.000000009622453, w: 1}
  m_LocalPosition: {x: 0.000000010200893, y: 0.07434835, z: -0.000000019266736}
  m_LocalScale: {x: 1.0000001, y: 1.0000001, z: 1}
  m_ConstrainProportionsScale: 0
  m_Children:
  - {fileID: 5889801534132400715}
  m_Father: {fileID: 1382106602136065157}
  m_LocalEulerAnglesHint: {x: 0, y: 0, z: 0}
--- !u!1 &4477662837731657313
GameObject:
  m_ObjectHideFlags: 0
  m_CorrespondingSourceObject: {fileID: 0}
  m_PrefabInstance: {fileID: 0}
  m_PrefabAsset: {fileID: 0}
  serializedVersion: 6
  m_Component:
  - component: {fileID: 539604129220858821}
  m_Layer: 0
  m_Name: RightFoot
  m_TagString: Untagged
  m_Icon: {fileID: 0}
  m_NavMeshLayer: 0
  m_StaticEditorFlags: 0
  m_IsActive: 1
--- !u!4 &539604129220858821
Transform:
  m_ObjectHideFlags: 0
  m_CorrespondingSourceObject: {fileID: 0}
  m_PrefabInstance: {fileID: 0}
  m_PrefabAsset: {fileID: 0}
  m_GameObject: {fileID: 4477662837731657313}
  serializedVersion: 2
  m_LocalRotation: {x: 0.45043135, y: 0.020579541, z: -0.01038595, w: 0.89251345}
  m_LocalPosition: {x: 0.0000000010550139, y: 0.3601537, z: -0.0000000017607817}
  m_LocalScale: {x: 1, y: 1, z: 1}
  m_ConstrainProportionsScale: 0
  m_Children:
  - {fileID: 1382106602136065157}
  m_Father: {fileID: 4199884694700480914}
  m_LocalEulerAnglesHint: {x: 0, y: 0, z: 0}
--- !u!1 &4759120155196615459
GameObject:
  m_ObjectHideFlags: 0
  m_CorrespondingSourceObject: {fileID: 0}
  m_PrefabInstance: {fileID: 0}
  m_PrefabAsset: {fileID: 0}
  serializedVersion: 6
  m_Component:
  - component: {fileID: 297831366301608845}
  m_Layer: 0
  m_Name: LeftHandMiddle4_end
  m_TagString: Untagged
  m_Icon: {fileID: 0}
  m_NavMeshLayer: 0
  m_StaticEditorFlags: 0
  m_IsActive: 1
--- !u!4 &297831366301608845
Transform:
  m_ObjectHideFlags: 0
  m_CorrespondingSourceObject: {fileID: 0}
  m_PrefabInstance: {fileID: 0}
  m_PrefabAsset: {fileID: 0}
  m_GameObject: {fileID: 4759120155196615459}
  serializedVersion: 2
  m_LocalRotation: {x: 0, y: -0, z: -0, w: 1}
  m_LocalPosition: {x: -0, y: 0.03277922, z: 0}
  m_LocalScale: {x: 1, y: 1, z: 1}
  m_ConstrainProportionsScale: 0
  m_Children: []
  m_Father: {fileID: 7822186722083625560}
  m_LocalEulerAnglesHint: {x: 0, y: 0, z: 0}
--- !u!1 &4961688183918929242
GameObject:
  m_ObjectHideFlags: 0
  m_CorrespondingSourceObject: {fileID: 0}
  m_PrefabInstance: {fileID: 0}
  m_PrefabAsset: {fileID: 0}
  serializedVersion: 6
  m_Component:
  - component: {fileID: 5161215895214430244}
  m_Layer: 0
  m_Name: RightHandIndex4
  m_TagString: Untagged
  m_Icon: {fileID: 0}
  m_NavMeshLayer: 0
  m_StaticEditorFlags: 0
  m_IsActive: 1
--- !u!4 &5161215895214430244
Transform:
  m_ObjectHideFlags: 0
  m_CorrespondingSourceObject: {fileID: 0}
  m_PrefabInstance: {fileID: 0}
  m_PrefabAsset: {fileID: 0}
  m_GameObject: {fileID: 4961688183918929242}
  serializedVersion: 2
  m_LocalRotation: {x: 0.00010271536, y: 0.022540696, z: 0.00009647619, w: 0.99974597}
  m_LocalPosition: {x: 0.00004605949, y: 0.010003342, z: 0.0000003769528}
  m_LocalScale: {x: 0.99999994, y: 1, z: 0.99999994}
  m_ConstrainProportionsScale: 0
  m_Children:
  - {fileID: 5532040996597028213}
  m_Father: {fileID: 8775606945345470572}
  m_LocalEulerAnglesHint: {x: 0, y: 0, z: 0}
--- !u!1 &5129073406354017978
GameObject:
  m_ObjectHideFlags: 0
  m_CorrespondingSourceObject: {fileID: 0}
  m_PrefabInstance: {fileID: 0}
  m_PrefabAsset: {fileID: 0}
  serializedVersion: 6
  m_Component:
  - component: {fileID: 8901552122321631287}
  m_Layer: 0
  m_Name: LeftHandIndex4
  m_TagString: Untagged
  m_Icon: {fileID: 0}
  m_NavMeshLayer: 0
  m_StaticEditorFlags: 0
  m_IsActive: 1
--- !u!4 &8901552122321631287
Transform:
  m_ObjectHideFlags: 0
  m_CorrespondingSourceObject: {fileID: 0}
  m_PrefabInstance: {fileID: 0}
  m_PrefabAsset: {fileID: 0}
  m_GameObject: {fileID: 5129073406354017978}
  serializedVersion: 2
  m_LocalRotation: {x: 0.005646835, y: 0.0275654, z: -0.011987978, w: 0.99953216}
  m_LocalPosition: {x: 0.0021011312, y: 0.009665998, z: 0.00000005646143}
  m_LocalScale: {x: 1, y: 1, z: 0.9999999}
  m_ConstrainProportionsScale: 0
  m_Children:
  - {fileID: 2734102824621887324}
  m_Father: {fileID: 6183041469598613833}
  m_LocalEulerAnglesHint: {x: 0, y: 0, z: 0}
--- !u!1 &5192224663722111247
GameObject:
  m_ObjectHideFlags: 0
  m_CorrespondingSourceObject: {fileID: 0}
  m_PrefabInstance: {fileID: 0}
  m_PrefabAsset: {fileID: 0}
  serializedVersion: 6
  m_Component:
  - component: {fileID: 5174788490290442813}
  m_Layer: 0
  m_Name: LeftFoot
  m_TagString: Untagged
  m_Icon: {fileID: 0}
  m_NavMeshLayer: 0
  m_StaticEditorFlags: 0
  m_IsActive: 1
--- !u!4 &5174788490290442813
Transform:
  m_ObjectHideFlags: 0
  m_CorrespondingSourceObject: {fileID: 0}
  m_PrefabInstance: {fileID: 0}
  m_PrefabAsset: {fileID: 0}
  m_GameObject: {fileID: 5192224663722111247}
  serializedVersion: 2
  m_LocalRotation: {x: 0.43751603, y: -0.021555614, z: 0.0104917465, w: 0.89889103}
  m_LocalPosition: {x: -7.421477e-10, y: 0.36016354, z: 0.0000000040454324}
  m_LocalScale: {x: 0.99999994, y: 1.0000001, z: 1.0000001}
  m_ConstrainProportionsScale: 0
  m_Children:
  - {fileID: 34032729737892703}
  m_Father: {fileID: 7338034155379215533}
  m_LocalEulerAnglesHint: {x: 0, y: 0, z: 0}
--- !u!1 &5412341083396811405
GameObject:
  m_ObjectHideFlags: 0
  m_CorrespondingSourceObject: {fileID: 0}
  m_PrefabInstance: {fileID: 0}
  m_PrefabAsset: {fileID: 0}
  serializedVersion: 6
  m_Component:
  - component: {fileID: 2734102824621887324}
  m_Layer: 0
  m_Name: LeftHandIndex4_end
  m_TagString: Untagged
  m_Icon: {fileID: 0}
  m_NavMeshLayer: 0
  m_StaticEditorFlags: 0
  m_IsActive: 1
--- !u!4 &2734102824621887324
Transform:
  m_ObjectHideFlags: 0
  m_CorrespondingSourceObject: {fileID: 0}
  m_PrefabInstance: {fileID: 0}
  m_PrefabAsset: {fileID: 0}
  m_GameObject: {fileID: 5412341083396811405}
  serializedVersion: 2
  m_LocalRotation: {x: 0, y: -0, z: -0, w: 1}
  m_LocalPosition: {x: -0, y: 0.010000045, z: 0}
  m_LocalScale: {x: 1, y: 1, z: 1}
  m_ConstrainProportionsScale: 0
  m_Children: []
  m_Father: {fileID: 8901552122321631287}
  m_LocalEulerAnglesHint: {x: 0, y: 0, z: 0}
--- !u!1 &5441564806134220130
GameObject:
  m_ObjectHideFlags: 0
  m_CorrespondingSourceObject: {fileID: 0}
  m_PrefabInstance: {fileID: 0}
  m_PrefabAsset: {fileID: 0}
  serializedVersion: 6
  m_Component:
  - component: {fileID: 7822186722083625560}
  m_Layer: 0
  m_Name: LeftHandMiddle4
  m_TagString: Untagged
  m_Icon: {fileID: 0}
  m_NavMeshLayer: 0
  m_StaticEditorFlags: 0
  m_IsActive: 1
--- !u!4 &7822186722083625560
Transform:
  m_ObjectHideFlags: 0
  m_CorrespondingSourceObject: {fileID: 0}
  m_PrefabInstance: {fileID: 0}
  m_PrefabAsset: {fileID: 0}
  m_GameObject: {fileID: 5441564806134220130}
  serializedVersion: 2
  m_LocalRotation: {x: 0.00011878275, y: 0.027385747, z: -0.00019029414, w: 0.99962497}
  m_LocalPosition: {x: 0.0001480896, y: 0.032778934, z: -0.0000002477318}
  m_LocalScale: {x: 1, y: 1, z: 1.0000001}
  m_ConstrainProportionsScale: 0
  m_Children:
  - {fileID: 297831366301608845}
  m_Father: {fileID: 3421020272421065720}
  m_LocalEulerAnglesHint: {x: 0, y: 0, z: 0}
--- !u!1 &5552723760656304681
GameObject:
  m_ObjectHideFlags: 0
  m_CorrespondingSourceObject: {fileID: 0}
  m_PrefabInstance: {fileID: 0}
  m_PrefabAsset: {fileID: 0}
  serializedVersion: 6
  m_Component:
  - component: {fileID: 1798705561036269150}
  m_Layer: 0
  m_Name: RightHandMiddle3
  m_TagString: Untagged
  m_Icon: {fileID: 0}
  m_NavMeshLayer: 0
  m_StaticEditorFlags: 0
  m_IsActive: 1
--- !u!4 &1798705561036269150
Transform:
  m_ObjectHideFlags: 0
  m_CorrespondingSourceObject: {fileID: 0}
  m_PrefabInstance: {fileID: 0}
  m_PrefabAsset: {fileID: 0}
  m_GameObject: {fileID: 5552723760656304681}
  serializedVersion: 2
  m_LocalRotation: {x: -0.020798655, y: -0.00000006590533, z: -0.000000094957244, w: 0.9997837}
  m_LocalPosition: {x: -0.0012610238, y: 0.03152515, z: 0.0000000016298145}
  m_LocalScale: {x: 1, y: 0.99999994, z: 0.99999994}
  m_ConstrainProportionsScale: 0
  m_Children:
  - {fileID: 2984651709688296344}
  m_Father: {fileID: 7797315280287246363}
  m_LocalEulerAnglesHint: {x: 0, y: 0, z: 0}
--- !u!1 &5734506694607083153
GameObject:
  m_ObjectHideFlags: 0
  m_CorrespondingSourceObject: {fileID: 0}
  m_PrefabInstance: {fileID: 0}
  m_PrefabAsset: {fileID: 0}
  serializedVersion: 6
  m_Component:
  - component: {fileID: 3973196174773620010}
  m_Layer: 0
  m_Name: RightHandThumb4
  m_TagString: Untagged
  m_Icon: {fileID: 0}
  m_NavMeshLayer: 0
  m_StaticEditorFlags: 0
  m_IsActive: 1
--- !u!4 &3973196174773620010
Transform:
  m_ObjectHideFlags: 0
  m_CorrespondingSourceObject: {fileID: 0}
  m_PrefabInstance: {fileID: 0}
  m_PrefabAsset: {fileID: 0}
  m_GameObject: {fileID: 5734506694607083153}
  serializedVersion: 2
  m_LocalRotation: {x: 0.0032355029, y: 0.016704757, z: 0.0035734242, w: 0.99984884}
  m_LocalPosition: {x: 0.004361663, y: 0.02297251, z: 0.00000017609273}
  m_LocalScale: {x: 1, y: 1, z: 1}
  m_ConstrainProportionsScale: 0
  m_Children:
  - {fileID: 8839317894303903525}
  m_Father: {fileID: 4771970892007856321}
  m_LocalEulerAnglesHint: {x: 0, y: 0, z: 0}
--- !u!1 &5816351904981028088
GameObject:
  m_ObjectHideFlags: 0
  m_CorrespondingSourceObject: {fileID: 0}
  m_PrefabInstance: {fileID: 0}
  m_PrefabAsset: {fileID: 0}
  serializedVersion: 6
  m_Component:
  - component: {fileID: 416005290374127454}
  m_Layer: 0
  m_Name: LeftHandThumb2
  m_TagString: Untagged
  m_Icon: {fileID: 0}
  m_NavMeshLayer: 0
  m_StaticEditorFlags: 0
  m_IsActive: 1
--- !u!4 &416005290374127454
Transform:
  m_ObjectHideFlags: 0
  m_CorrespondingSourceObject: {fileID: 0}
  m_PrefabInstance: {fileID: 0}
  m_PrefabAsset: {fileID: 0}
  m_GameObject: {fileID: 5816351904981028088}
  serializedVersion: 2
  m_LocalRotation: {x: 0.08829231, y: -0.000000005609844, z: 0.00000007386296, w: 0.99609464}
  m_LocalPosition: {x: 0.0053013954, y: 0.03682255, z: 0.00000034971163}
  m_LocalScale: {x: 1, y: 0.99999994, z: 0.9999999}
  m_ConstrainProportionsScale: 0
  m_Children:
  - {fileID: 9206517423993776800}
  m_Father: {fileID: 5989763789284446131}
  m_LocalEulerAnglesHint: {x: 0, y: 0, z: 0}
--- !u!1 &5817462926611347764
GameObject:
  m_ObjectHideFlags: 0
  m_CorrespondingSourceObject: {fileID: 0}
  m_PrefabInstance: {fileID: 0}
  m_PrefabAsset: {fileID: 0}
  serializedVersion: 6
  m_Component:
  - component: {fileID: 2371888278920426389}
  m_Layer: 0
  m_Name: Spine
  m_TagString: Untagged
  m_Icon: {fileID: 0}
  m_NavMeshLayer: 0
  m_StaticEditorFlags: 0
  m_IsActive: 1
--- !u!4 &2371888278920426389
Transform:
  m_ObjectHideFlags: 0
  m_CorrespondingSourceObject: {fileID: 0}
  m_PrefabInstance: {fileID: 0}
  m_PrefabAsset: {fileID: 0}
  m_GameObject: {fileID: 5817462926611347764}
  serializedVersion: 2
  m_LocalRotation: {x: 0.004364683, y: -0, z: -0, w: 0.99999046}
  m_LocalPosition: {x: -0, y: 0.12690842, z: 0.0011078641}
  m_LocalScale: {x: 1, y: 0.99999994, z: 1}
  m_ConstrainProportionsScale: 0
  m_Children:
  - {fileID: 9207209268915469517}
  m_Father: {fileID: 1249122730310391947}
  m_LocalEulerAnglesHint: {x: 0, y: 0, z: 0}
--- !u!1 &5878991499698099531
GameObject:
  m_ObjectHideFlags: 0
  m_CorrespondingSourceObject: {fileID: 0}
  m_PrefabInstance: {fileID: 0}
  m_PrefabAsset: {fileID: 0}
  serializedVersion: 6
  m_Component:
  - component: {fileID: 8654055016434603168}
  m_Layer: 0
  m_Name: LeftArm
  m_TagString: Untagged
  m_Icon: {fileID: 0}
  m_NavMeshLayer: 0
  m_StaticEditorFlags: 0
  m_IsActive: 1
--- !u!4 &8654055016434603168
Transform:
  m_ObjectHideFlags: 0
  m_CorrespondingSourceObject: {fileID: 0}
  m_PrefabInstance: {fileID: 0}
  m_PrefabAsset: {fileID: 0}
  m_GameObject: {fileID: 5878991499698099531}
  serializedVersion: 2
  m_LocalRotation: {x: -0.07928023, y: 0.0015610915, z: -0.01962583, w: 0.99665797}
  m_LocalPosition: {x: -0, y: 0.16030262, z: 0.000000025029294}
  m_LocalScale: {x: 1, y: 0.9999998, z: 1}
  m_ConstrainProportionsScale: 0
  m_Children:
  - {fileID: 4065267251281901365}
  m_Father: {fileID: 5728083072156289241}
  m_LocalEulerAnglesHint: {x: 0, y: 0, z: 0}
--- !u!1 &5958112821958438087
GameObject:
  m_ObjectHideFlags: 0
  m_CorrespondingSourceObject: {fileID: 0}
  m_PrefabInstance: {fileID: 0}
  m_PrefabAsset: {fileID: 0}
  serializedVersion: 6
  m_Component:
  - component: {fileID: 8775606945345470572}
  m_Layer: 0
  m_Name: RightHandIndex3
  m_TagString: Untagged
  m_Icon: {fileID: 0}
  m_NavMeshLayer: 0
  m_StaticEditorFlags: 0
  m_IsActive: 1
--- !u!4 &8775606945345470572
Transform:
  m_ObjectHideFlags: 0
  m_CorrespondingSourceObject: {fileID: 0}
  m_PrefabInstance: {fileID: 0}
  m_PrefabAsset: {fileID: 0}
  m_GameObject: {fileID: 5958112821958438087}
  serializedVersion: 2
  m_LocalRotation: {x: -0.05800697, y: -0.00000029152918, z: -0.0000003098955, w: 0.99831617}
  m_LocalPosition: {x: -0.00027020182, y: 0.015155016, z: -0.00000028673094}
  m_LocalScale: {x: 0.99999994, y: 1, z: 1.0000001}
  m_ConstrainProportionsScale: 0
  m_Children:
  - {fileID: 5161215895214430244}
  m_Father: {fileID: 908854508546699857}
  m_LocalEulerAnglesHint: {x: 0, y: 0, z: 0}
--- !u!1 &5989620319623271933
GameObject:
  m_ObjectHideFlags: 0
  m_CorrespondingSourceObject: {fileID: 0}
  m_PrefabInstance: {fileID: 0}
  m_PrefabAsset: {fileID: 0}
  serializedVersion: 6
  m_Component:
  - component: {fileID: 4240718666450476886}
  m_Layer: 0
  m_Name: Head
  m_TagString: Untagged
  m_Icon: {fileID: 0}
  m_NavMeshLayer: 0
  m_StaticEditorFlags: 0
  m_IsActive: 1
--- !u!4 &4240718666450476886
Transform:
  m_ObjectHideFlags: 0
  m_CorrespondingSourceObject: {fileID: 0}
  m_PrefabInstance: {fileID: 0}
  m_PrefabAsset: {fileID: 0}
  m_GameObject: {fileID: 5989620319623271933}
  serializedVersion: 2
  m_LocalRotation: {x: 0, y: 2.0681448e-25, z: -5.4231785e-31, w: 1}
  m_LocalPosition: {x: -1.18954326e-14, y: 0.0962832, z: 0.014438683}
  m_LocalScale: {x: 1, y: 1, z: 1}
  m_ConstrainProportionsScale: 0
  m_Children:
  - {fileID: 1583737191794277735}
  m_Father: {fileID: 6598396120221367838}
  m_LocalEulerAnglesHint: {x: 0, y: 0, z: 0}
--- !u!1 &6063991808522260883
GameObject:
  m_ObjectHideFlags: 0
  m_CorrespondingSourceObject: {fileID: 0}
  m_PrefabInstance: {fileID: 0}
  m_PrefabAsset: {fileID: 0}
  serializedVersion: 6
  m_Component:
  - component: {fileID: 4082066643193662944}
  m_Layer: 0
  m_Name: RightShoulder
  m_TagString: Untagged
  m_Icon: {fileID: 0}
  m_NavMeshLayer: 0
  m_StaticEditorFlags: 0
  m_IsActive: 1
--- !u!4 &4082066643193662944
Transform:
  m_ObjectHideFlags: 0
  m_CorrespondingSourceObject: {fileID: 0}
  m_PrefabInstance: {fileID: 0}
  m_PrefabAsset: {fileID: 0}
  m_GameObject: {fileID: 6063991808522260883}
  serializedVersion: 2
  m_LocalRotation: {x: 0.55851525, y: 0.4340044, z: -0.5570988, w: 0.43513423}
  m_LocalPosition: {x: 0.07923984, y: 0.17096399, z: 0.00019802712}
  m_LocalScale: {x: 1.0000001, y: 1.0000001, z: 1}
  m_ConstrainProportionsScale: 0
  m_Children:
  - {fileID: 7098723778428112806}
  m_Father: {fileID: 491349312694503481}
  m_LocalEulerAnglesHint: {x: 0, y: 0, z: 0}
--- !u!1 &6097747908143767809
GameObject:
  m_ObjectHideFlags: 0
  m_CorrespondingSourceObject: {fileID: 0}
  m_PrefabInstance: {fileID: 0}
  m_PrefabAsset: {fileID: 0}
  serializedVersion: 6
  m_Component:
  - component: {fileID: 5728083072156289241}
  m_Layer: 0
  m_Name: LeftShoulder
  m_TagString: Untagged
  m_Icon: {fileID: 0}
  m_NavMeshLayer: 0
  m_StaticEditorFlags: 0
  m_IsActive: 1
--- !u!4 &5728083072156289241
Transform:
  m_ObjectHideFlags: 0
  m_CorrespondingSourceObject: {fileID: 0}
  m_PrefabInstance: {fileID: 0}
  m_PrefabAsset: {fileID: 0}
  m_GameObject: {fileID: 6097747908143767809}
  serializedVersion: 2
  m_LocalRotation: {x: 0.5582947, y: -0.43418777, z: 0.55728555, w: 0.43499517}
  m_LocalPosition: {x: -0.07923984, y: 0.17096348, z: 0.00014077686}
  m_LocalScale: {x: 0.9999998, y: 0.9999999, z: 0.9999999}
  m_ConstrainProportionsScale: 0
  m_Children:
  - {fileID: 8654055016434603168}
  m_Father: {fileID: 491349312694503481}
  m_LocalEulerAnglesHint: {x: 0, y: 0, z: 0}
--- !u!1 &6197917506482691341
GameObject:
  m_ObjectHideFlags: 0
  m_CorrespondingSourceObject: {fileID: 0}
  m_PrefabInstance: {fileID: 0}
  m_PrefabAsset: {fileID: 0}
  serializedVersion: 6
  m_Component:
  - component: {fileID: 3900384032387817949}
  m_Layer: 0
  m_Name: LeftToe_End
  m_TagString: Untagged
  m_Icon: {fileID: 0}
  m_NavMeshLayer: 0
  m_StaticEditorFlags: 0
  m_IsActive: 1
--- !u!4 &3900384032387817949
Transform:
  m_ObjectHideFlags: 0
  m_CorrespondingSourceObject: {fileID: 0}
  m_PrefabInstance: {fileID: 0}
  m_PrefabAsset: {fileID: 0}
  m_GameObject: {fileID: 6197917506482691341}
  serializedVersion: 2
  m_LocalRotation: {x: 0.000000057931178, y: -0.00000014515535, z: 0.00000014603938, w: 1}
  m_LocalPosition: {x: -0.000000027765054, y: 0.07398622, z: -0.000000015075784}
  m_LocalScale: {x: 1, y: 1, z: 1}
  m_ConstrainProportionsScale: 0
  m_Children:
  - {fileID: 4934591604950320622}
  m_Father: {fileID: 34032729737892703}
  m_LocalEulerAnglesHint: {x: 0, y: 0, z: 0}
--- !u!1 &6498867366728094054
GameObject:
  m_ObjectHideFlags: 0
  m_CorrespondingSourceObject: {fileID: 0}
  m_PrefabInstance: {fileID: 0}
  m_PrefabAsset: {fileID: 0}
  serializedVersion: 6
  m_Component:
  - component: {fileID: 8094260961494575133}
  m_Layer: 0
  m_Name: HeadTop_End_end
  m_TagString: Untagged
  m_Icon: {fileID: 0}
  m_NavMeshLayer: 0
  m_StaticEditorFlags: 0
  m_IsActive: 1
--- !u!4 &8094260961494575133
Transform:
  m_ObjectHideFlags: 0
  m_CorrespondingSourceObject: {fileID: 0}
  m_PrefabInstance: {fileID: 0}
  m_PrefabAsset: {fileID: 0}
  m_GameObject: {fileID: 6498867366728094054}
  serializedVersion: 2
  m_LocalRotation: {x: 0, y: -0, z: -0, w: 1}
  m_LocalPosition: {x: -0, y: 0.2726729, z: 0}
  m_LocalScale: {x: 1, y: 1, z: 1}
  m_ConstrainProportionsScale: 0
  m_Children: []
  m_Father: {fileID: 1583737191794277735}
  m_LocalEulerAnglesHint: {x: 0, y: 0, z: 0}
--- !u!1 &6624771166677222491
GameObject:
  m_ObjectHideFlags: 0
  m_CorrespondingSourceObject: {fileID: 0}
  m_PrefabInstance: {fileID: 0}
  m_PrefabAsset: {fileID: 0}
  serializedVersion: 6
  m_Component:
  - component: {fileID: 8054280479401763578}
  m_Layer: 0
  m_Name: RightHandMiddle4_end
  m_TagString: Untagged
  m_Icon: {fileID: 0}
  m_NavMeshLayer: 0
  m_StaticEditorFlags: 0
  m_IsActive: 1
--- !u!4 &8054280479401763578
Transform:
  m_ObjectHideFlags: 0
  m_CorrespondingSourceObject: {fileID: 0}
  m_PrefabInstance: {fileID: 0}
  m_PrefabAsset: {fileID: 0}
  m_GameObject: {fileID: 6624771166677222491}
  serializedVersion: 2
  m_LocalRotation: {x: 0, y: -0, z: -0, w: 1}
  m_LocalPosition: {x: -0, y: 0.036524553, z: 0}
  m_LocalScale: {x: 1, y: 1, z: 1}
  m_ConstrainProportionsScale: 0
  m_Children: []
  m_Father: {fileID: 2984651709688296344}
  m_LocalEulerAnglesHint: {x: 0, y: 0, z: 0}
--- !u!1 &6709275364296521785
GameObject:
  m_ObjectHideFlags: 0
  m_CorrespondingSourceObject: {fileID: 0}
  m_PrefabInstance: {fileID: 0}
  m_PrefabAsset: {fileID: 0}
  serializedVersion: 6
  m_Component:
  - component: {fileID: 1934147765556095015}
  m_Layer: 0
  m_Name: LeftHandMiddle1
  m_TagString: Untagged
  m_Icon: {fileID: 0}
  m_NavMeshLayer: 0
  m_StaticEditorFlags: 0
  m_IsActive: 1
--- !u!4 &1934147765556095015
Transform:
  m_ObjectHideFlags: 0
  m_CorrespondingSourceObject: {fileID: 0}
  m_PrefabInstance: {fileID: 0}
  m_PrefabAsset: {fileID: 0}
  m_GameObject: {fileID: 6709275364296521785}
  serializedVersion: 2
  m_LocalRotation: {x: 0.05522104, y: 0.0016880633, z: 0.030509159, w: 0.9980065}
  m_LocalPosition: {x: -0.010279398, y: 0.050904673, z: 0.000000020489097}
  m_LocalScale: {x: 0.9999999, y: 0.99999994, z: 1}
  m_ConstrainProportionsScale: 0
  m_Children:
  - {fileID: 7946489648381482375}
  m_Father: {fileID: 1328941403550986547}
  m_LocalEulerAnglesHint: {x: 0, y: 0, z: 0}
--- !u!1 &6794448678852654584
GameObject:
  m_ObjectHideFlags: 0
  m_CorrespondingSourceObject: {fileID: 0}
  m_PrefabInstance: {fileID: 0}
  m_PrefabAsset: {fileID: 0}
  serializedVersion: 6
  m_Component:
  - component: {fileID: 7499024219346601963}
  - component: {fileID: 476221620464134801}
  m_Layer: 0
  m_Name: RW_PP_Characters_Caveman
  m_TagString: Untagged
  m_Icon: {fileID: 0}
  m_NavMeshLayer: 0
  m_StaticEditorFlags: 0
  m_IsActive: 1
--- !u!4 &7499024219346601963
Transform:
  m_ObjectHideFlags: 0
  m_CorrespondingSourceObject: {fileID: 0}
  m_PrefabInstance: {fileID: 0}
  m_PrefabAsset: {fileID: 0}
  m_GameObject: {fileID: 6794448678852654584}
  serializedVersion: 2
  m_LocalRotation: {x: 0, y: 0, z: 0, w: 1}
  m_LocalPosition: {x: 0, y: 0, z: 0}
  m_LocalScale: {x: 1, y: 1, z: 1}
  m_ConstrainProportionsScale: 0
  m_Children:
  - {fileID: 2451177832097957868}
  - {fileID: 6560534185434498194}
  m_Father: {fileID: 0}
  m_LocalEulerAnglesHint: {x: 0, y: 0, z: 0}
--- !u!95 &476221620464134801
Animator:
  serializedVersion: 5
  m_ObjectHideFlags: 0
  m_CorrespondingSourceObject: {fileID: 0}
  m_PrefabInstance: {fileID: 0}
  m_PrefabAsset: {fileID: 0}
  m_GameObject: {fileID: 6794448678852654584}
  m_Enabled: 1
  m_Avatar: {fileID: 9000000, guid: 3fe9a3df1d31d294194642165fa6fec0, type: 3}
  m_Controller: {fileID: 0}
  m_CullingMode: 1
  m_UpdateMode: 0
  m_ApplyRootMotion: 0
  m_LinearVelocityBlending: 0
  m_StabilizeFeet: 0
  m_WarningMessage: 
  m_HasTransformHierarchy: 1
  m_AllowConstantClipSamplingOptimization: 1
  m_KeepAnimatorStateOnDisable: 0
  m_WriteDefaultValuesOnDisable: 0
--- !u!1 &6953090427323109763
GameObject:
  m_ObjectHideFlags: 0
  m_CorrespondingSourceObject: {fileID: 0}
  m_PrefabInstance: {fileID: 0}
  m_PrefabAsset: {fileID: 0}
  serializedVersion: 6
  m_Component:
  - component: {fileID: 8839317894303903525}
  m_Layer: 0
  m_Name: RightHandThumb4_end
  m_TagString: Untagged
  m_Icon: {fileID: 0}
  m_NavMeshLayer: 0
  m_StaticEditorFlags: 0
  m_IsActive: 1
--- !u!4 &8839317894303903525
Transform:
  m_ObjectHideFlags: 0
  m_CorrespondingSourceObject: {fileID: 0}
  m_PrefabInstance: {fileID: 0}
  m_PrefabAsset: {fileID: 0}
  m_GameObject: {fileID: 6953090427323109763}
  serializedVersion: 2
  m_LocalRotation: {x: 0, y: -0, z: -0, w: 1}
  m_LocalPosition: {x: -0, y: 0.02338305, z: 0}
  m_LocalScale: {x: 1, y: 1, z: 1}
  m_ConstrainProportionsScale: 0
  m_Children: []
  m_Father: {fileID: 3973196174773620010}
  m_LocalEulerAnglesHint: {x: 0, y: 0, z: 0}
--- !u!1 &7125036381927638507
GameObject:
  m_ObjectHideFlags: 0
  m_CorrespondingSourceObject: {fileID: 0}
  m_PrefabInstance: {fileID: 0}
  m_PrefabAsset: {fileID: 0}
  serializedVersion: 6
  m_Component:
  - component: {fileID: 1249122730310391947}
  m_Layer: 0
  m_Name: Hips
  m_TagString: Untagged
  m_Icon: {fileID: 0}
  m_NavMeshLayer: 0
  m_StaticEditorFlags: 0
  m_IsActive: 1
--- !u!4 &1249122730310391947
Transform:
  m_ObjectHideFlags: 0
  m_CorrespondingSourceObject: {fileID: 0}
  m_PrefabInstance: {fileID: 0}
  m_PrefabAsset: {fileID: 0}
  m_GameObject: {fileID: 7125036381927638507}
  serializedVersion: 2
  m_LocalRotation: {x: 0, y: -0, z: -0, w: 1}
  m_LocalPosition: {x: 0.002162069, y: 0.96985924, z: -0.05717713}
  m_LocalScale: {x: 1, y: 1, z: 1}
  m_ConstrainProportionsScale: 0
  m_Children:
  - {fileID: 8653501844125996023}
  - {fileID: 5271439902331759738}
  - {fileID: 2371888278920426389}
  m_Father: {fileID: 6560534185434498194}
  m_LocalEulerAnglesHint: {x: 0, y: 0, z: 0}
--- !u!1 &7248014659706809244
GameObject:
  m_ObjectHideFlags: 0
  m_CorrespondingSourceObject: {fileID: 0}
  m_PrefabInstance: {fileID: 0}
  m_PrefabAsset: {fileID: 0}
  serializedVersion: 6
  m_Component:
  - component: {fileID: 6411620811929308153}
  m_Layer: 0
  m_Name: LeftHandIndex1
  m_TagString: Untagged
  m_Icon: {fileID: 0}
  m_NavMeshLayer: 0
  m_StaticEditorFlags: 0
  m_IsActive: 1
--- !u!4 &6411620811929308153
Transform:
  m_ObjectHideFlags: 0
  m_CorrespondingSourceObject: {fileID: 0}
  m_PrefabInstance: {fileID: 0}
  m_PrefabAsset: {fileID: 0}
  m_GameObject: {fileID: 7248014659706809244}
  serializedVersion: 2
  m_LocalRotation: {x: 0.12679014, y: 0.0010466769, z: 0.008187305, w: 0.99189526}
  m_LocalPosition: {x: 0.010279468, y: 0.1291298, z: 0.00000014610123}
  m_LocalScale: {x: 1, y: 1.0000001, z: 1}
  m_ConstrainProportionsScale: 0
  m_Children:
  - {fileID: 7727077147641549776}
  m_Father: {fileID: 1328941403550986547}
  m_LocalEulerAnglesHint: {x: 0, y: 0, z: 0}
--- !u!1 &7394183738479768352
GameObject:
  m_ObjectHideFlags: 0
  m_CorrespondingSourceObject: {fileID: 0}
  m_PrefabInstance: {fileID: 0}
  m_PrefabAsset: {fileID: 0}
  serializedVersion: 6
  m_Component:
  - component: {fileID: 2451177832097957868}
  - component: {fileID: 5639737634898138250}
  m_Layer: 0
  m_Name: RW_PP_Characters_CavemanMesh
  m_TagString: Untagged
  m_Icon: {fileID: 0}
  m_NavMeshLayer: 0
  m_StaticEditorFlags: 0
  m_IsActive: 1
--- !u!4 &2451177832097957868
Transform:
  m_ObjectHideFlags: 0
  m_CorrespondingSourceObject: {fileID: 0}
  m_PrefabInstance: {fileID: 0}
  m_PrefabAsset: {fileID: 0}
  m_GameObject: {fileID: 7394183738479768352}
  serializedVersion: 2
  m_LocalRotation: {x: -0.50000006, y: 0.49999997, z: 0.50000006, w: -0.49999997}
  m_LocalPosition: {x: -0.000000005864422, y: -3.7835027e-10, z: 0.0000000028157956}
  m_LocalScale: {x: 1, y: 1, z: 1}
  m_ConstrainProportionsScale: 0
  m_Children: []
  m_Father: {fileID: 7499024219346601963}
  m_LocalEulerAnglesHint: {x: 0, y: 0, z: 0}
--- !u!137 &5639737634898138250
SkinnedMeshRenderer:
  m_ObjectHideFlags: 0
  m_CorrespondingSourceObject: {fileID: 0}
  m_PrefabInstance: {fileID: 0}
  m_PrefabAsset: {fileID: 0}
  m_GameObject: {fileID: 7394183738479768352}
  m_Enabled: 1
  m_CastShadows: 1
  m_ReceiveShadows: 1
  m_DynamicOccludee: 1
  m_StaticShadowCaster: 0
  m_MotionVectors: 1
  m_LightProbeUsage: 1
  m_ReflectionProbeUsage: 1
  m_RayTracingMode: 3
  m_RayTraceProcedural: 0
  m_RenderingLayerMask: 1
  m_RendererPriority: 0
  m_Materials:
  - {fileID: 2100000, guid: 7bb29f807f4b2b84a93401f7d22e0bc9, type: 2}
  m_StaticBatchInfo:
    firstSubMesh: 0
    subMeshCount: 0
  m_StaticBatchRoot: {fileID: 0}
  m_ProbeAnchor: {fileID: 0}
  m_LightProbeVolumeOverride: {fileID: 0}
  m_ScaleInLightmap: 1
  m_ReceiveGI: 1
  m_PreserveUVs: 0
  m_IgnoreNormalsForChartDetection: 0
  m_ImportantGI: 0
  m_StitchLightmapSeams: 1
  m_SelectedEditorRenderState: 3
  m_MinimumChartSize: 4
  m_AutoUVMaxDistance: 0.5
  m_AutoUVMaxAngle: 89
  m_LightmapParameters: {fileID: 0}
  m_SortingLayerID: 0
  m_SortingLayer: 0
  m_SortingOrder: 0
  serializedVersion: 2
  m_Quality: 0
  m_UpdateWhenOffscreen: 0
  m_SkinnedMotionVectors: 1
  m_Mesh: {fileID: -5374905688959331492, guid: 3fe9a3df1d31d294194642165fa6fec0, type: 3}
  m_Bones:
  - {fileID: 1249122730310391947}
  - {fileID: 2371888278920426389}
  - {fileID: 9207209268915469517}
  - {fileID: 491349312694503481}
  - {fileID: 6598396120221367838}
  - {fileID: 4240718666450476886}
  - {fileID: 1583737191794277735}
  - {fileID: 5728083072156289241}
  - {fileID: 8654055016434603168}
  - {fileID: 4065267251281901365}
  - {fileID: 1328941403550986547}
  - {fileID: 5989763789284446131}
  - {fileID: 416005290374127454}
  - {fileID: 9206517423993776800}
  - {fileID: 3831839671806698508}
  - {fileID: 6411620811929308153}
  - {fileID: 7727077147641549776}
  - {fileID: 6183041469598613833}
  - {fileID: 8901552122321631287}
  - {fileID: 1934147765556095015}
  - {fileID: 7946489648381482375}
  - {fileID: 3421020272421065720}
  - {fileID: 7822186722083625560}
  - {fileID: 4082066643193662944}
  - {fileID: 7098723778428112806}
  - {fileID: 8263716042740183204}
  - {fileID: 3452792209540106477}
  - {fileID: 17695324403059247}
  - {fileID: 583226250307269812}
  - {fileID: 4771970892007856321}
  - {fileID: 3973196174773620010}
  - {fileID: 5206705240289674598}
  - {fileID: 908854508546699857}
  - {fileID: 8775606945345470572}
  - {fileID: 5161215895214430244}
  - {fileID: 1918858402240204686}
  - {fileID: 7797315280287246363}
  - {fileID: 1798705561036269150}
  - {fileID: 2984651709688296344}
  - {fileID: 8653501844125996023}
  - {fileID: 7338034155379215533}
  - {fileID: 5174788490290442813}
  - {fileID: 34032729737892703}
  - {fileID: 3900384032387817949}
  - {fileID: 5271439902331759738}
  - {fileID: 4199884694700480914}
  - {fileID: 539604129220858821}
  - {fileID: 1382106602136065157}
  - {fileID: 8385601083385391943}
  m_BlendShapeWeights: []
  m_RootBone: {fileID: 1249122730310391947}
  m_AABB:
    m_Center: {x: -0.00078353286, y: -0.054204226, z: 0.014623046}
    m_Extent: {x: 0.9383415, y: 1.0548534, z: 0.29918596}
  m_DirtyAABB: 0
--- !u!1 &7478411115572146939
GameObject:
  m_ObjectHideFlags: 0
  m_CorrespondingSourceObject: {fileID: 0}
  m_PrefabInstance: {fileID: 0}
  m_PrefabAsset: {fileID: 0}
  serializedVersion: 6
  m_Component:
  - component: {fileID: 1583737191794277735}
  m_Layer: 0
  m_Name: HeadTop_End
  m_TagString: Untagged
  m_Icon: {fileID: 0}
  m_NavMeshLayer: 0
  m_StaticEditorFlags: 0
  m_IsActive: 1
--- !u!4 &1583737191794277735
Transform:
  m_ObjectHideFlags: 0
  m_CorrespondingSourceObject: {fileID: 0}
  m_PrefabInstance: {fileID: 0}
  m_PrefabAsset: {fileID: 0}
  m_GameObject: {fileID: 7478411115572146939}
  serializedVersion: 2
  m_LocalRotation: {x: 0, y: 2.3271397e-29, z: -5.4241414e-31, w: 1}
  m_LocalPosition: {x: -1.3781511e-14, y: 0.2696576, z: 0.040438004}
  m_LocalScale: {x: 1, y: 1, z: 1}
  m_ConstrainProportionsScale: 0
  m_Children:
  - {fileID: 8094260961494575133}
  m_Father: {fileID: 4240718666450476886}
  m_LocalEulerAnglesHint: {x: 0, y: 0, z: 0}
--- !u!1 &7569334931511273839
GameObject:
  m_ObjectHideFlags: 0
  m_CorrespondingSourceObject: {fileID: 0}
  m_PrefabInstance: {fileID: 0}
  m_PrefabAsset: {fileID: 0}
  serializedVersion: 6
  m_Component:
  - component: {fileID: 9207209268915469517}
  m_Layer: 0
  m_Name: Spine1
  m_TagString: Untagged
  m_Icon: {fileID: 0}
  m_NavMeshLayer: 0
  m_StaticEditorFlags: 0
  m_IsActive: 1
--- !u!4 &9207209268915469517
Transform:
  m_ObjectHideFlags: 0
  m_CorrespondingSourceObject: {fileID: 0}
  m_PrefabInstance: {fileID: 0}
  m_PrefabAsset: {fileID: 0}
  m_GameObject: {fileID: 7569334931511273839}
  serializedVersion: 2
  m_LocalRotation: {x: 0.000000020489097, y: 2.3852448e-18, z: -1.1642676e-10, w: 1}
  m_LocalPosition: {x: -2.3283064e-10, y: 0.14806531, z: 0.0000000018626451}
  m_LocalScale: {x: 1, y: 1, z: 1}
  m_ConstrainProportionsScale: 0
  m_Children:
  - {fileID: 491349312694503481}
  m_Father: {fileID: 2371888278920426389}
  m_LocalEulerAnglesHint: {x: 0, y: 0, z: 0}
--- !u!1 &7800768801959834954
GameObject:
  m_ObjectHideFlags: 0
  m_CorrespondingSourceObject: {fileID: 0}
  m_PrefabInstance: {fileID: 0}
  m_PrefabAsset: {fileID: 0}
  serializedVersion: 6
  m_Component:
  - component: {fileID: 4934591604950320622}
  m_Layer: 0
  m_Name: LeftToe_End_end
  m_TagString: Untagged
  m_Icon: {fileID: 0}
  m_NavMeshLayer: 0
  m_StaticEditorFlags: 0
  m_IsActive: 1
--- !u!4 &4934591604950320622
Transform:
  m_ObjectHideFlags: 0
  m_CorrespondingSourceObject: {fileID: 0}
  m_PrefabInstance: {fileID: 0}
  m_PrefabAsset: {fileID: 0}
  m_GameObject: {fileID: 7800768801959834954}
  serializedVersion: 2
  m_LocalRotation: {x: 0, y: -0, z: -0, w: 1}
  m_LocalPosition: {x: -0, y: 0.073986046, z: 0}
  m_LocalScale: {x: 1, y: 1, z: 1}
  m_ConstrainProportionsScale: 0
  m_Children: []
  m_Father: {fileID: 3900384032387817949}
  m_LocalEulerAnglesHint: {x: 0, y: 0, z: 0}
--- !u!1 &8017126342168642895
GameObject:
  m_ObjectHideFlags: 0
  m_CorrespondingSourceObject: {fileID: 0}
  m_PrefabInstance: {fileID: 0}
  m_PrefabAsset: {fileID: 0}
  serializedVersion: 6
  m_Component:
  - component: {fileID: 4771970892007856321}
  m_Layer: 0
  m_Name: RightHandThumb3
  m_TagString: Untagged
  m_Icon: {fileID: 0}
  m_NavMeshLayer: 0
  m_StaticEditorFlags: 0
  m_IsActive: 1
--- !u!4 &4771970892007856321
Transform:
  m_ObjectHideFlags: 0
  m_CorrespondingSourceObject: {fileID: 0}
  m_PrefabInstance: {fileID: 0}
  m_PrefabAsset: {fileID: 0}
  m_GameObject: {fileID: 8017126342168642895}
  serializedVersion: 2
  m_LocalRotation: {x: -0.18409939, y: -0.00000001764752, z: 0.00000008681633, w: 0.98290765}
  m_LocalPosition: {x: -0.00017956272, y: 0.03342291, z: 0.00000017415732}
  m_LocalScale: {x: 1, y: 1, z: 1}
  m_ConstrainProportionsScale: 0
  m_Children:
  - {fileID: 3973196174773620010}
  m_Father: {fileID: 583226250307269812}
  m_LocalEulerAnglesHint: {x: 0, y: 0, z: 0}
--- !u!1 &8017168692001654118
GameObject:
  m_ObjectHideFlags: 0
  m_CorrespondingSourceObject: {fileID: 0}
  m_PrefabInstance: {fileID: 0}
  m_PrefabAsset: {fileID: 0}
  serializedVersion: 6
  m_Component:
  - component: {fileID: 34032729737892703}
  m_Layer: 0
  m_Name: LeftToeBase
  m_TagString: Untagged
  m_Icon: {fileID: 0}
  m_NavMeshLayer: 0
  m_StaticEditorFlags: 0
  m_IsActive: 1
--- !u!4 &34032729737892703
Transform:
  m_ObjectHideFlags: 0
  m_CorrespondingSourceObject: {fileID: 0}
  m_PrefabInstance: {fileID: 0}
  m_PrefabAsset: {fileID: 0}
  m_GameObject: {fileID: 8017168692001654118}
  serializedVersion: 2
  m_LocalRotation: {x: 0.31848967, y: 0.005917536, z: -0.0019882875, w: 0.9479058}
  m_LocalPosition: {x: -0.0000000015279511, y: 0.18921205, z: 1.1641532e-10}
  m_LocalScale: {x: 0.9999999, y: 0.9999999, z: 0.99999994}
  m_ConstrainProportionsScale: 0
  m_Children:
  - {fileID: 3900384032387817949}
  m_Father: {fileID: 5174788490290442813}
  m_LocalEulerAnglesHint: {x: 0, y: 0, z: 0}
--- !u!1 &8055429338670911593
GameObject:
  m_ObjectHideFlags: 0
  m_CorrespondingSourceObject: {fileID: 0}
  m_PrefabInstance: {fileID: 0}
  m_PrefabAsset: {fileID: 0}
  serializedVersion: 6
  m_Component:
  - component: {fileID: 6183041469598613833}
  m_Layer: 0
  m_Name: LeftHandIndex3
  m_TagString: Untagged
  m_Icon: {fileID: 0}
  m_NavMeshLayer: 0
  m_StaticEditorFlags: 0
  m_IsActive: 1
--- !u!4 &6183041469598613833
Transform:
  m_ObjectHideFlags: 0
  m_CorrespondingSourceObject: {fileID: 0}
  m_PrefabInstance: {fileID: 0}
  m_PrefabAsset: {fileID: 0}
  m_GameObject: {fileID: 8055429338670911593}
  serializedVersion: 2
  m_LocalRotation: {x: 0.21187359, y: -0.0000003697475, z: -0.00000077141914, w: 0.9772971}
  m_LocalPosition: {x: -0.00021544239, y: 0.016035268, z: -0.00000019255094}
  m_LocalScale: {x: 1, y: 1, z: 1}
  m_ConstrainProportionsScale: 0
  m_Children:
  - {fileID: 8901552122321631287}
  m_Father: {fileID: 7727077147641549776}
  m_LocalEulerAnglesHint: {x: 0, y: 0, z: 0}
--- !u!1 &8225427582532644261
GameObject:
  m_ObjectHideFlags: 0
  m_CorrespondingSourceObject: {fileID: 0}
  m_PrefabInstance: {fileID: 0}
  m_PrefabAsset: {fileID: 0}
  serializedVersion: 6
  m_Component:
  - component: {fileID: 1382106602136065157}
  m_Layer: 0
  m_Name: RightToeBase
  m_TagString: Untagged
  m_Icon: {fileID: 0}
  m_NavMeshLayer: 0
  m_StaticEditorFlags: 0
  m_IsActive: 1
--- !u!4 &1382106602136065157
Transform:
  m_ObjectHideFlags: 0
  m_CorrespondingSourceObject: {fileID: 0}
  m_PrefabInstance: {fileID: 0}
  m_PrefabAsset: {fileID: 0}
  m_GameObject: {fileID: 8225427582532644261}
  serializedVersion: 2
  m_LocalRotation: {x: 0.31218323, y: -0.0047448697, z: 0.00155925, w: 0.9500088}
  m_LocalPosition: {x: 0.0000000066065695, y: 0.19256677, z: 0.000000006519258}
  m_LocalScale: {x: 1, y: 1, z: 1.0000001}
  m_ConstrainProportionsScale: 0
  m_Children:
  - {fileID: 8385601083385391943}
  m_Father: {fileID: 539604129220858821}
  m_LocalEulerAnglesHint: {x: 0, y: 0, z: 0}
--- !u!1 &8274750458468348180
GameObject:
  m_ObjectHideFlags: 0
  m_CorrespondingSourceObject: {fileID: 0}
  m_PrefabInstance: {fileID: 0}
  m_PrefabAsset: {fileID: 0}
  serializedVersion: 6
  m_Component:
  - component: {fileID: 6598396120221367838}
  m_Layer: 0
  m_Name: Neck
  m_TagString: Untagged
  m_Icon: {fileID: 0}
  m_NavMeshLayer: 0
  m_StaticEditorFlags: 0
  m_IsActive: 1
--- !u!4 &6598396120221367838
Transform:
  m_ObjectHideFlags: 0
  m_CorrespondingSourceObject: {fileID: 0}
  m_PrefabInstance: {fileID: 0}
  m_PrefabAsset: {fileID: 0}
  m_GameObject: {fileID: 8274750458468348180}
  serializedVersion: 2
  m_LocalRotation: {x: -0.0043646866, y: -2.540984e-13, z: 5.8209326e-11, w: 0.99999046}
  m_LocalPosition: {x: -1.8673563e-10, y: 0.19036981, z: -0.0000000055879354}
  m_LocalScale: {x: 1, y: 0.99999994, z: 1}
  m_ConstrainProportionsScale: 0
  m_Children:
  - {fileID: 4240718666450476886}
  m_Father: {fileID: 491349312694503481}
  m_LocalEulerAnglesHint: {x: 0, y: 0, z: 0}
--- !u!1 &8289053180972112745
GameObject:
  m_ObjectHideFlags: 0
  m_CorrespondingSourceObject: {fileID: 0}
  m_PrefabInstance: {fileID: 0}
  m_PrefabAsset: {fileID: 0}
  serializedVersion: 6
  m_Component:
  - component: {fileID: 7727077147641549776}
  m_Layer: 0
  m_Name: LeftHandIndex2
  m_TagString: Untagged
  m_Icon: {fileID: 0}
  m_NavMeshLayer: 0
  m_StaticEditorFlags: 0
  m_IsActive: 1
--- !u!4 &7727077147641549776
Transform:
  m_ObjectHideFlags: 0
  m_CorrespondingSourceObject: {fileID: 0}
  m_PrefabInstance: {fileID: 0}
  m_PrefabAsset: {fileID: 0}
  m_GameObject: {fileID: 8289053180972112745}
  serializedVersion: 2
  m_LocalRotation: {x: 0.08180238, y: 0.000000002219333, z: 0.0000005410491, w: 0.9966486}
  m_LocalPosition: {x: -0.0018858444, y: 0.018610211, z: -0.00000013480894}
  m_LocalScale: {x: 1, y: 0.99999994, z: 1}
  m_ConstrainProportionsScale: 0
  m_Children:
  - {fileID: 6183041469598613833}
  m_Father: {fileID: 6411620811929308153}
  m_LocalEulerAnglesHint: {x: 0, y: 0, z: 0}
--- !u!1 &8369059492092017406
GameObject:
  m_ObjectHideFlags: 0
  m_CorrespondingSourceObject: {fileID: 0}
  m_PrefabInstance: {fileID: 0}
  m_PrefabAsset: {fileID: 0}
  serializedVersion: 6
  m_Component:
  - component: {fileID: 4199884694700480914}
  m_Layer: 0
  m_Name: RightLeg
  m_TagString: Untagged
  m_Icon: {fileID: 0}
  m_NavMeshLayer: 0
  m_StaticEditorFlags: 0
  m_IsActive: 1
--- !u!4 &4199884694700480914
Transform:
  m_ObjectHideFlags: 0
  m_CorrespondingSourceObject: {fileID: 0}
  m_PrefabInstance: {fileID: 0}
  m_PrefabAsset: {fileID: 0}
  m_GameObject: {fileID: 8369059492092017406}
  serializedVersion: 2
  m_LocalRotation: {x: 0.04487825, y: -0.001119497, z: -0.024695436, w: 0.99868655}
  m_LocalPosition: {x: 0.0000000071013346, y: 0.41905308, z: 0.0000000012354349}
  m_LocalScale: {x: 1.0000001, y: 0.9999999, z: 1}
  m_ConstrainProportionsScale: 0
  m_Children:
  - {fileID: 539604129220858821}
  m_Father: {fileID: 5271439902331759738}
  m_LocalEulerAnglesHint: {x: 0, y: 0, z: 0}
--- !u!1 &8452618941771841356
GameObject:
  m_ObjectHideFlags: 0
  m_CorrespondingSourceObject: {fileID: 0}
  m_PrefabInstance: {fileID: 0}
  m_PrefabAsset: {fileID: 0}
  serializedVersion: 6
  m_Component:
  - component: {fileID: 7946489648381482375}
  m_Layer: 0
  m_Name: LeftHandMiddle2
  m_TagString: Untagged
  m_Icon: {fileID: 0}
  m_NavMeshLayer: 0
  m_StaticEditorFlags: 0
  m_IsActive: 1
--- !u!4 &7946489648381482375
Transform:
  m_ObjectHideFlags: 0
  m_CorrespondingSourceObject: {fileID: 0}
  m_PrefabInstance: {fileID: 0}
  m_PrefabAsset: {fileID: 0}
  m_GameObject: {fileID: 8452618941771841356}
  serializedVersion: 2
  m_LocalRotation: {x: 0.13623081, y: 0.000000049589588, z: -0.00000009118842, w: 0.9906771}
  m_LocalPosition: {x: -0.0029995516, y: 0.061423644, z: 0.00000013131648}
  m_LocalScale: {x: 1, y: 1.0000001, z: 1}
  m_ConstrainProportionsScale: 0
  m_Children:
  - {fileID: 3421020272421065720}
  m_Father: {fileID: 1934147765556095015}
  m_LocalEulerAnglesHint: {x: 0, y: 0, z: 0}
--- !u!1 &8579700934210238769
GameObject:
  m_ObjectHideFlags: 0
  m_CorrespondingSourceObject: {fileID: 0}
  m_PrefabInstance: {fileID: 0}
  m_PrefabAsset: {fileID: 0}
  serializedVersion: 6
  m_Component:
  - component: {fileID: 6560534185434498194}
  m_Layer: 0
  m_Name: RW_PP_Characters_CavemanRig
  m_TagString: Untagged
  m_Icon: {fileID: 0}
  m_NavMeshLayer: 0
  m_StaticEditorFlags: 0
  m_IsActive: 1
--- !u!4 &6560534185434498194
Transform:
  m_ObjectHideFlags: 0
  m_CorrespondingSourceObject: {fileID: 0}
  m_PrefabInstance: {fileID: 0}
  m_PrefabAsset: {fileID: 0}
  m_GameObject: {fileID: 8579700934210238769}
  serializedVersion: 2
  m_LocalRotation: {x: 0.00000008146036, y: -0.00000006657903, z: 5.423551e-15, w: 1}
  m_LocalPosition: {x: -0, y: 0, z: 0}
  m_LocalScale: {x: 1, y: 1, z: 1}
  m_ConstrainProportionsScale: 0
  m_Children:
  - {fileID: 1249122730310391947}
  m_Father: {fileID: 7499024219346601963}
  m_LocalEulerAnglesHint: {x: 0, y: 0, z: 0}
--- !u!1 &8679423216435537646
GameObject:
  m_ObjectHideFlags: 0
  m_CorrespondingSourceObject: {fileID: 0}
  m_PrefabInstance: {fileID: 0}
  m_PrefabAsset: {fileID: 0}
  serializedVersion: 6
  m_Component:
  - component: {fileID: 1918858402240204686}
  m_Layer: 0
  m_Name: RightHandMiddle1
  m_TagString: Untagged
  m_Icon: {fileID: 0}
  m_NavMeshLayer: 0
  m_StaticEditorFlags: 0
  m_IsActive: 1
--- !u!4 &1918858402240204686
Transform:
  m_ObjectHideFlags: 0
  m_CorrespondingSourceObject: {fileID: 0}
  m_PrefabInstance: {fileID: 0}
  m_PrefabAsset: {fileID: 0}
  m_GameObject: {fileID: 8679423216435537646}
  serializedVersion: 2
  m_LocalRotation: {x: 0.00037297938, y: -0.000060349503, z: -0.16070876, w: 0.98700184}
  m_LocalPosition: {x: 0.001659425, y: 0.03769025, z: 0.00000015768455}
  m_LocalScale: {x: 1, y: 0.9999998, z: 1}
  m_ConstrainProportionsScale: 0
  m_Children:
  - {fileID: 7797315280287246363}
  m_Father: {fileID: 3452792209540106477}
  m_LocalEulerAnglesHint: {x: 0, y: 0, z: 0}
--- !u!1 &8976221043872299969
GameObject:
  m_ObjectHideFlags: 0
  m_CorrespondingSourceObject: {fileID: 0}
  m_PrefabInstance: {fileID: 0}
  m_PrefabAsset: {fileID: 0}
  serializedVersion: 6
  m_Component:
  - component: {fileID: 5889801534132400715}
  m_Layer: 0
  m_Name: RightToe_End_end
  m_TagString: Untagged
  m_Icon: {fileID: 0}
  m_NavMeshLayer: 0
  m_StaticEditorFlags: 0
  m_IsActive: 1
--- !u!4 &5889801534132400715
Transform:
  m_ObjectHideFlags: 0
  m_CorrespondingSourceObject: {fileID: 0}
  m_PrefabInstance: {fileID: 0}
  m_PrefabAsset: {fileID: 0}
  m_GameObject: {fileID: 8976221043872299969}
  serializedVersion: 2
  m_LocalRotation: {x: 0, y: -0, z: -0, w: 1}
  m_LocalPosition: {x: -0, y: 0.07434661, z: 0}
  m_LocalScale: {x: 1, y: 1, z: 1}
  m_ConstrainProportionsScale: 0
  m_Children: []
  m_Father: {fileID: 8385601083385391943}
  m_LocalEulerAnglesHint: {x: 0, y: 0, z: 0}
--- !u!1 &9067629176283900046
GameObject:
  m_ObjectHideFlags: 0
  m_CorrespondingSourceObject: {fileID: 0}
  m_PrefabInstance: {fileID: 0}
  m_PrefabAsset: {fileID: 0}
  serializedVersion: 6
  m_Component:
  - component: {fileID: 491349312694503481}
  m_Layer: 0
  m_Name: Spine2
  m_TagString: Untagged
  m_Icon: {fileID: 0}
  m_NavMeshLayer: 0
  m_StaticEditorFlags: 0
  m_IsActive: 1
--- !u!4 &491349312694503481
Transform:
  m_ObjectHideFlags: 0
  m_CorrespondingSourceObject: {fileID: 0}
  m_PrefabInstance: {fileID: 0}
  m_PrefabAsset: {fileID: 0}
  m_GameObject: {fileID: 9067629176283900046}
  serializedVersion: 2
  m_LocalRotation: {x: -0.000000016763805, y: -2.981556e-18, z: 5.821338e-11, w: 1}
  m_LocalPosition: {x: -3.29143e-10, y: 0.16921759, z: 0.0000000037252903}
  m_LocalScale: {x: 1, y: 1, z: 1}
  m_ConstrainProportionsScale: 0
  m_Children:
  - {fileID: 5728083072156289241}
  - {fileID: 6598396120221367838}
  - {fileID: 4082066643193662944}
  m_Father: {fileID: 9207209268915469517}
  m_LocalEulerAnglesHint: {x: 0, y: 0, z: 0}
